<record><leader>00000cas a22000007a 4500</leader><controlfield tag="001">29540585</controlfield><controlfield tag="008">931222d19731973ctuwr ne      0    0eng d</controlfield><datafield ind1=" " ind2=" " tag="010"><subfield code="a">sn 93054163 </subfield></datafield><datafield ind1=" " ind2=" " tag="040"><subfield code="a">CNW</subfield><subfield code="b">eng</subfield><subfield code="c">CNW</subfield><subfield code="d">OCL</subfield><subfield code="d">OCLCQ</subfield></datafield><datafield ind1=" " ind2=" " tag="042"><subfield code="a">msc</subfield></datafield><datafield ind1="0" ind2=" " tag="130"><subfield code="a">Windsor Locks journal (Windsor Locks, Conn. : Windsor ed.)</subfield></datafield><datafield ind1="1" ind2="4" tag="245"><subfield code="a">The Windsor Locks journal.</subfield></datafield><datafield ind1=" " ind2=" " tag="260"><subfield code="a">Windsor Locks, Conn. :</subfield><subfield code="b">Evelyn K. Lee</subfield></datafield><datafield ind1=" " ind2=" " tag="300"><subfield code="a">v.</subfield></datafield><datafield ind1=" " ind2=" " tag="310"><subfield code="a">Weekly</subfield></datafield><datafield ind1="1" ind2=" " tag="362"><subfield code="a">Began Mar. 1973.</subfield></datafield><datafield ind1="0" ind2=" " tag="362"><subfield code="a">-94th year, no. 18 (Sept. 6, 1973).</subfield></datafield><datafield ind1=" " ind2=" " tag="588"><subfield code="a">Description based on: 93rd year, no. 52 (May 3, 1973).</subfield></datafield><datafield ind1=" " ind2="4" tag="651"><subfield code="a">Windsor (Conn.)</subfield><subfield code="v">Newspapers.</subfield></datafield><datafield ind1=" " ind2=" " tag="752"><subfield code="a">United States</subfield><subfield code="b">Connecticut</subfield><subfield code="c">Hartford</subfield><subfield code="d">Windsor Locks.</subfield></datafield><datafield ind1="0" ind2=" " tag="775"><subfield code="t">Windsor Locks journal (Windsor Locks, Conn. : Windsor Locks ed.)</subfield><subfield code="w">(DLC)sn 93053953</subfield><subfield code="w">(OCoLC)27994774</subfield></datafield><datafield ind1="0" ind2="0" tag="785"><subfield code="t">Windsor journal</subfield><subfield code="w">(DLC)sn 93053937</subfield><subfield code="w">(OCoLC)27994808</subfield></datafield><datafield ind1="1" ind2=" " tag="029"><subfield code="a">AU@</subfield><subfield code="b">000025908886</subfield></datafield></record>